@article{article,
  author    = {Giuseppe Ateniese and
               Giovanni Felici and
               Luigi V. Mancini and
               Angelo Spognardi and
               Antonio Villani and
               Domenico Vitali},
  title     = {Hacking Smart Machines with Smarter Ones: How to Extract Meaningful
               Data from Machine Learning Classifiers},
  journal   = {CoRR},
  volume    = {abs/1306.4447},
  year      = {2013},
  url       = {http://arxiv.org/abs/1306.4447},
  archivePrefix = {arXiv},
  eprint    = {1306.4447},
  timestamp = {Mon, 13 Aug 2018 16:49:04 +0200},
  biburl    = {https://dblp.org/rec/journals/corr/AtenieseFMSVV13.bib},
  bibsource = {dblp computer science bibliography, https://dblp.org}
}